<record><leader>00000cas a22000007a 4500</leader><controlfield tag="001">26181925</controlfield><controlfield tag="008">920714d19922002ilumr ne      0   a0eng c</controlfield><datafield ind1=" " ind2=" " tag="010"><subfield code="a">sn 92050138 </subfield></datafield><datafield ind1=" " ind2=" " tag="040"><subfield code="a">ANU</subfield><subfield code="b">eng</subfield><subfield code="c">ANU</subfield><subfield code="d">NSD</subfield><subfield code="d">OCL</subfield><subfield code="d">OCLCQ</subfield><subfield code="d">OCLCF</subfield><subfield code="d">OCLCO</subfield></datafield><datafield ind1=" " ind2=" " tag="012"><subfield code="m">1</subfield></datafield><datafield ind1="1" ind2=" " tag="022"><subfield code="a">1098-1306</subfield><subfield code="l">1098-1306</subfield><subfield code="y">1074-357X</subfield><subfield code="2">1</subfield></datafield><datafield ind1="1" ind2=" " tag="029"><subfield code="a">AU@</subfield><subfield code="b">000020228458</subfield></datafield><datafield ind1=" " ind2=" " tag="032"><subfield code="a">016352</subfield><subfield code="b">USPS</subfield></datafield><datafield ind1=" " ind2=" " tag="042"><subfield code="a">nsdp</subfield><subfield code="a">pcc</subfield></datafield><datafield ind1=" " ind2=" " tag="043"><subfield code="a">n-us-ar</subfield></datafield><datafield ind1="0" ind2=" " tag="130"><subfield code="a">Arkansas farmer (Raleigh, N.C.)</subfield></datafield><datafield ind1=" " ind2="0" tag="222"><subfield code="a">Arkansas farmer</subfield><subfield code="b">(Carol Stream, Ill.)</subfield></datafield><datafield ind1="1" ind2="0" tag="245"><subfield code="a">Arkansas farmer.</subfield></datafield><datafield ind1=" " ind2=" " tag="260"><subfield code="a">Raleigh, NC :</subfield><subfield code="b">Southern Farm Publications,</subfield><subfield code="c">-2002.</subfield></datafield><datafield ind1=" " ind2=" " tag="300"><subfield code="a">v.</subfield></datafield><datafield ind1=" " ind2=" " tag="310"><subfield code="a">Monthly</subfield></datafield><datafield ind1="1" ind2=" " tag="362"><subfield code="a">Began in Mar. 1992; ceased with v. 17, no. 6 (June 2002).</subfield></datafield><datafield ind1=" " ind2=" " tag="500"><subfield code="a">Published: Carol Stream, IL : Farm Progress Companies, &lt;Jan. 1998&gt;-June 2002.</subfield></datafield><datafield ind1=" " ind2=" " tag="588"><subfield code="a">Description based on: Vol. 7, no. 3 (Apr. 1992).</subfield></datafield><datafield ind1=" " ind2="0" tag="650"><subfield code="a">Agriculture</subfield><subfield code="z">Arkansas</subfield><subfield code="v">Newspapers.</subfield></datafield><datafield ind1=" " ind2="7" tag="655"><subfield code="a">Newspapers.</subfield><subfield code="2">fast</subfield><subfield code="0">(OCoLC)fst01423814</subfield></datafield><datafield ind1=" " ind2="7" tag="650"><subfield code="a">Agriculture.</subfield><subfield code="2">fast</subfield><subfield code="0">(OCoLC)fst00801355</subfield></datafield><datafield ind1=" " ind2="7" tag="651"><subfield code="a">Arkansas.</subfield><subfield code="2">fast</subfield><subfield code="0">(OCoLC)fst01204809</subfield></datafield><datafield ind1=" " ind2=" " tag="752"><subfield code="a">United States</subfield><subfield code="b">North Carolina</subfield><subfield code="c">Wake</subfield><subfield code="d">Raleigh.</subfield></datafield><datafield ind1="0" ind2="0" tag="780"><subfield code="t">Arkansas farm &amp; country</subfield><subfield code="w">(DLC)sn 91050137</subfield><subfield code="w">(OCoLC)13988027</subfield></datafield><datafield ind1="0" ind2="4" tag="785"><subfield code="t">Mid-South farmer</subfield><subfield code="g">July 2002</subfield><subfield code="x">1074-357X</subfield><subfield code="w">(DLC)sn 94002181</subfield><subfield code="w">(OCoLC)29712402</subfield></datafield></record>